@phdthesis{Dyce2014,
author = {Dyce, Daniel},
file = {:C$\backslash$:/Users/05mic/Documents/Articles/Mendeley/Dyce{\_}2014{\_}A sensor view model to investigate the influence of tree crowns on effective urban thermal anisotropy.pdf:pdf},
keywords = {Anisotropy},
mendeley-tags = {Anisotropy},
number = {July},
pages = {1--175},
school = {University of Western Ontario},
title = {{A sensor view model to investigate the influence of tree crowns on effective urban thermal anisotropy}},
type = {Monograph},
year = {2014}
}
